<record><leader>00000cas a22000007a 4500</leader><controlfield tag="001">31686914</controlfield><controlfield tag="008">941213d19301975nyuwr ne      0    0eng d</controlfield><datafield ind1=" " ind2=" " tag="010"><subfield code="a">sn 95071088 </subfield></datafield><datafield ind1=" " ind2=" " tag="040"><subfield code="a">NYS</subfield><subfield code="b">eng</subfield><subfield code="c">NYS</subfield><subfield code="d">OCLCQ</subfield><subfield code="d">OCLCF</subfield><subfield code="d">OCLCO</subfield></datafield><datafield ind1="1" ind2=" " tag="029"><subfield code="a">AU@</subfield><subfield code="b">000011579742</subfield></datafield><datafield ind1=" " ind2=" " tag="042"><subfield code="a">msc</subfield></datafield><datafield ind1=" " ind2=" " tag="043"><subfield code="a">n-us-ny</subfield></datafield><datafield ind1="0" ind2="4" tag="245"><subfield code="a">The Hampton Bays news.</subfield></datafield><datafield ind1=" " ind2=" " tag="260"><subfield code="a">Hampton Bays, L.I., N.Y. :</subfield><subfield code="b">John H. Sutter</subfield></datafield><datafield ind1=" " ind2=" " tag="300"><subfield code="a">v.</subfield></datafield><datafield ind1=" " ind2=" " tag="310"><subfield code="a">Weekly,</subfield><subfield code="b">Aug. 5, 1930-Mar. 13, 1975</subfield></datafield><datafield ind1=" " ind2=" " tag="321"><subfield code="a">Irregular,</subfield><subfield code="b">June 12-July 31, 1930</subfield></datafield><datafield ind1="0" ind2=" " tag="362"><subfield code="a">Vol. 1, no. 1 (June 12, 1930)-v. 40, no. 30 (Jan. 14, 1972) ; Jan. 21, 1972-Mar. 13, 1975 issue.</subfield></datafield><datafield ind1=" " ind2=" " tag="515"><subfield code="a">Suspended with: Vol. 9, no. 2 (Sept. 16, 1938); resumed with v. 9, no. 3 (Oct. 2, 1938).</subfield></datafield><datafield ind1=" " ind2="0" tag="651"><subfield code="a">Hampton Bays (N.Y.)</subfield><subfield code="v">Newspapers.</subfield></datafield><datafield ind1=" " ind2="0" tag="651"><subfield code="a">Suffolk County (N.Y.)</subfield><subfield code="v">Newspapers.</subfield></datafield><datafield ind1=" " ind2="7" tag="655"><subfield code="a">Newspapers.</subfield><subfield code="2">fast</subfield><subfield code="0">(OCoLC)fst01423814</subfield></datafield><datafield ind1=" " ind2="7" tag="651"><subfield code="a">New York (State)</subfield><subfield code="z">Hampton Bays.</subfield><subfield code="2">fast</subfield><subfield code="0">(OCoLC)fst01256045</subfield></datafield><datafield ind1=" " ind2="7" tag="651"><subfield code="a">New York (State)</subfield><subfield code="z">Suffolk County.</subfield><subfield code="2">fast</subfield><subfield code="0">(OCoLC)fst01207260</subfield></datafield><datafield ind1=" " ind2=" " tag="752"><subfield code="a">United States</subfield><subfield code="b">New York</subfield><subfield code="c">Suffolk</subfield><subfield code="d">Hampton Bays.</subfield></datafield><datafield ind1="0" ind2="7" tag="785"><subfield code="t">Hampton chronicle</subfield><subfield code="w">(DLC)sn 85054392</subfield></datafield><datafield ind1="0" ind2="7" tag="785"><subfield code="t">Hampton chronicle-news</subfield><subfield code="w">(DLC)sn 94057937</subfield></datafield></record>